
@Book{ref:Duda:2000,
author = {Richard O. Duda and Peter E. Hart and David G. Stork},
title = {Pattern Classification},
publisher = {John Wiley and Sons},
year = {2000}
}


@Book{ref:Bishop:2006,
author = {Christopher M. Bishop},
title = {Pattern Recognition and Machine Learning},
publisher = {Springer},
year = {2006}
}

@Manual{ref:SVMGuide,
  author =	 {Chih-Chung Chang and Chih-Jen Lin},
  title =	 {{LIBSVM}: A Library for Support Vector Machines},
  year =	 {2001},
  note =	 {Available: \url{http://www.csie.ntu.edu.tw/~cjlin/libsvm}}
}

@InProceedings{ref:Guyon:2007,
author = {Isabelle Guyon and Amir Saffari and Gideon Dror and Gavin Cawley},
title = {Agnostic Learning vs. Prior Knowledge Challenge},
booktitle = {Proceedings of International Joint Conference on Neural Networks},
month = {August},
year = {2007}
}

@Misc{ref:IJCNNChallenge:2007,
title = {{Agnostic Learning Vs. Prior Knowledge Challenge by {Internation Joint Conference on Neural Networks (IJCNN)}}},
howpublished = {Available: \url{http://www.agnostic.inf.ethz.ch} [Accessed November 02, 2018]},
}

@Article{ref:guyon:2007a,
author = {Isabelle Guyon and Amir Saffari and Gideon Dror and Gavin Cawley},
title = {Analysis of the {IJCNN} 2007 Agnostic Learning vs. Prior Knowledge Challenge},
journal = {Neural Networks},
year = {2008},
volume = {21},
number = {2-3},
pages = {544-550},
month = {December}
}


